% This file was created with JabRef 2.4.2.
% Encoding: UTF8

@book{Rohrer2011,
	address = {Solingen},
	edition = {5.},
	title = {Clevere Tipps für die Projektarbeit - {IT-Berufe:} Abschlussprüfung Teil A},
	isbn = {3882347538},
	url = {http://fiae.link/ClevereTippsFuerDieProjektarbeit},
	publisher = {{U-Form-Verlag}},
	author = {Rohrer, Anselm and Sedlacek, Ramona},
	year = {2011}
}

@misc{Bundesgesetzblatt48,
	title = {Verordnung über die Berufsausbildung im Bereich der Informations- und Telekommunikationstechnik},
	url = {http://fiae.link/VerordnungITBerufe},
	author = {{Regierung der Bundesrepublik Deutschland}},
	month = jul,
	year = {1997},
	pages = {1741--1799}
}

@techreport{BMBF2000,
	address = {Bonn},
	type = {Abschlussbericht},
	title = {Umsetzungshilfen für die neue Prüfungsstruktur der {IT-Berufe}},
	shorttitle = {{BMBF2000}},
	url = {http://fiae.link/UmsetzungshilfenITBerufe},
	author = {{Bundesministerium für Bildung und Forschung}},
	institution = {{Bundesministerium für Bildung und Forschung}},
	month = jul,
	year = {2000},
	pages = {476}
}

@techreport{Grashorn2010,
	address = {Vechta},
	type = {Dokumentation zur Projektarbeit},
	title = {Entwicklung von NatInfo -- Webbasiertes Tool zur Unterstützung der Entwickler},
	author = {Dirk Grashorn},
	institution = {{Alte Oldenburger Krankenversicherung AG}},
	month = apr,
	year = {2010},
}

@misc{MerkblattIHK,
	address = {Oldenburg},
	title = {Merkblatt zur Abschlussprüfung der IT-Berufe},
	author = {{IHK Oldenburg}},
	institution = {{Oldenburgische Industrie- und Handelskammer}},
	month = may,
	year = {2006},
	url = {http://fiae.link/MerkblattDokuOldenburg},
}

@misc{BewertungsmatrikIHK,
	address = {Darmstadt},
	title = {Bewertungsmatrix für Fachinformatiker/innen Anwendungsentwicklung},
	author = {{IHK Darmstadt}},
	institution = {{IHK Darmstadt Rhein Main Neckar}},
	month = mar,
	year = {2011},
	url = {http://fiae.link/BewertungsmatrixDokuDarmstadt},
}

@misc{ISO9126,
	title = {{Software-Engineering} – Qualität von {Software-Produkten} – Teil 1: Qualitätsmodell},
	author = {{ISO/IEC 9126-1}},
	month = jun,
	year = {2001}
}

@BOOKLET{phpDoc,
  title = {{phpDocumentor-Website}},
  author = {{phpdoc.org}},
  lastchecked = {20.04.2010},
  year = {2010},
  owner = {grashorn},
  timestamp = {2010.04.22},
  url = {http://www.phpdoc.org/}
}

@BOOKLET{Symfony,
  title = {Symfony - Open-Source PHP Web Framework},
  author = {{Sensio Labs}},
  lastchecked = {20.04.2010},
  year = {2010},
  owner = {grashorn},
  timestamp = {2010.04.22},
  url = {http://www.symfony-project.org/}
}

@book{FittkauRuf2008,
    author = {Fittkau, Thomas and Ruf, Walter},
    title = {Ganzheitliches IT-Projektmanagement},
    publisher = {Oldenbourg Wissenschaftsverlag},
    year = {2008},
    isbn = {978–3–486–58567–4},
    address = {München}
}
@misc{dynamics365sharepoint,
  	author = {{Microsoft}},
  	title = {Verständnis von Microsoft Dynamics 365 Customer Engagement (on-premises) und SharePoint Integration},
	institution = {{Microsoft}},
	month = Mrz,
	year = {2023},
	url = {https://learn.microsoft.com/de-de/dynamics365/customerengagement/on-premises/developer/integration-dev/integrate-sharepoint?view=op-9-1},
}

@misc{StepStoneGehaelter,
  author       = {Stepstone},
  title        = {Sachbearbeiter/in Vertriebsinnendienst Gehälter in Deutschland},
  url          = {https://www.stepstone.de/gehalt/Sachbearbeiter-in-Vertriebsinnendienst.html#:~:text=Das%20j%C3%A4hrliche%20Durchschnittsgehalt%20von%20Sachbearbeiter,betr%C3%A4gt%20rund%2019%2C80%20Euro.},
  year         = {2024}
}